@book{mendelson2009introduction,
	title={Introduction to Mathematical Logic},
	author={Mendelson, E.},
	isbn={9781584888772},
	series={Discrete Mathematics and Its Applications},
	url={https://books.google.cl/books?id=NJ7SBQAAQBAJ},
	year={2009},
	publisher={CRC Press}
}
